@inproceedings{Chan2014,
author = {Chan, Chee Kin and Gao, Yuan and Zhang, Zhen and Dahnoun, Naim},
booktitle = {EDERC 2014 - Proceedings of the 6th European Embedded Design in Education and Research Conference},
doi = {10.1109/EDERC.2014.6924408},
isbn = {9781479968411},
title = {{Implementation and evaluation of a pothole detection system on TI C6678 digital signal processor}},
year = {2014}
}

@inproceedings{Chen2011,
author = {Chen, Kongyang and Lu, Mingming and Fan, Xiaopeng and Wei, Mingming and Wu, Jinwu},
booktitle = {Proceedings of the 2011 6th International ICST Conference on Communications and Networking in China, CHINACOM 2011},
doi = {10.1109/ChinaCom.2011.6158308},
isbn = {9781457701016},
title = {{Road condition monitoring using on-board three-axis accelerometer and GPS sensor}},
year = {2011}
}

@article{Fouad,
author = {Fouad, Mohamed Mostafa and Mahmood, Mahmood A and Mahmoud, Hamdi and Mohamed, Adham and Hassanien, Aboul Ella},
title = {{Intelligent Road Surface Quality Evaluation Using Rough Mereology}},
url = {http://www.egyptscience.net}
}

@inproceedings{He2011,
author = {He, Youquan and Wang, Jian and Qiu, Hanxing and Zhang, Wei and Xie, Jianfang},
booktitle = {Proceedings - 4th International Congress on Image and Signal Processing, CISP 2011},
doi = {10.1109/CISP.2011.6100646},
isbn = {9781424493067},
title = {{A research of pavement potholes detection based on three-dimensional projection transformation}},
year = {2011}
}

@inproceedings{Hegde2015,
author = {Hegde, Shambhu and Mekali, Harish and Varaprasad, Golla},
booktitle = {2014 IEEE International Conference on Vehicular Electronics and Safety, ICVES 2014},
doi = {10.1109/ICVES.2014.7063729},
isbn = {9781479918829},
title = {{Pothole detection and inter vehicular communication}},
year = {2015}
}

@article{Jang,
author = {Jang, Jinwoo and Smyth, Andrew W and Yang, Yong and Cavalcanti, Dave},
title = {{Road Surface Condition Monitoring via Multiple Sensor-Equipped Vehicles}}
}

@inproceedings{Kattan2014,
author = {Kattan, Ali and Aboalmaaly, Mohammed Faiz},
booktitle = {Proceedings of the 11th International Conference on Electronics, Computer and Computation, ICECCO 2014},
doi = {10.1109/ICECCO.2014.6997572},
isbn = {9781479941063},
title = {{A smartphone-cloud application as an aid for street safety inventory}},
year = {2014}
}

@article{Madli2015,
author = {Madli, Rajeshwari and Hebbar, Santosh and Pattar, Praveenraj and Golla, Varaprasad},
doi = {10.1109/JSEN.2015.2417579},
journal = {IEEE SENSORS JOURNAL},
number = {8},
title = {{Automatic Detection and Notification of Potholes and Humps on Roads to Aid Drivers}},
volume = {15},
year = {2015}
}

@inproceedings{Mednis2011,
author = {Mednis, Artis and Strazdins, Girts and Zviedris, Reinholds and Kanonirs, Georgijs and Selavo, Leo},
booktitle = {2011 International Conference on Distributed Computing in Sensor Systems and Workshops, DCOSS'11},
doi = {10.1109/DCOSS.2011.5982206},
isbn = {9781457705137},
title = {{Real time pothole detection using Android smartphones with accelerometers}},
year = {2011}
}

@inproceedings{Moazzam2013,
author = {Moazzam, I. and Kamal, K. and Mathavan, S. and Usman, S. and Rahman, M.},
booktitle = {IEEE Conference on Intelligent Transportation Systems, Proceedings, ITSC},
doi = {10.1109/ITSC.2013.6728408},
isbn = {9781479929146},
title = {{Metrology and visualization of potholes using the microsoft kinect sensor}},
year = {2013}
}

@inproceedings{Yu2011,
author = {Yu, X. and Salari, E.},
booktitle = {IEEE International Conference on Electro Information Technology},
doi = {10.1109/EIT.2011.5978573},
isbn = {978-1-61284-464-0},
title = {{Pavement pothole detection and severity measurement using laser imaging}},
year = {2011}
}

@article{Zhang,
author = {Zhang, Zhen and Ai, Xiao and Chan, C K and Dahnoun, Naim},
title = {{AN EFFICIENT ALGORITHM FOR POTHOLE DETECTION USING STEREO VISION}}
}
