@inproceedings{Chan2014,
annote = {[2]},
author = {Chan, Chee Kin and Gao, Yuan and Zhang, Zhen and Dahnoun, Naim},
booktitle = {EDERC 2014 - Proceedings of the 6th European Embedded Design in Education and Research Conference},
title = {{Implementation and evaluation of a pothole detection system on TI C6678 digital signal processor}},
year = {2014}
}

@inproceedings{Chen2011,
annote = {[10]},
author = {Chen, Kongyang and Lu, Mingming and Fan, Xiaopeng and Wei, Mingming and Wu, Jinwu},
booktitle = {Proceedings of the 2011 6th International ICST Conference on Communications and Networking in China, CHINACOM 2011},
title = {{Road condition monitoring using on-board three-axis accelerometer and GPS sensor}},
year = {2011}
}

@article{Fouad,
annote = {[9]},
author = {Fouad, Mohamed Mostafa and Mahmood, Mahmood A and Mahmoud, Hamdi and Mohamed, Adham and Hassanien, Aboul Ella},
journal = {2014 14th International Conference on Hybrid Intelligent Systems},
title = {{Intelligent road surface quality evaluation using rough mereology}},
year = {2014}
}

@inproceedings{He2011,
annote = {[5]},
author = {He, Youquan and Wang, Jian and Qiu, Hanxing and Zhang, Wei and Xie, Jianfang},
booktitle = {Proceedings - 4th International Congress on Image and Signal Processing, CISP 2011},
title = {{A research of pavement potholes detection based on three-dimensional projection transformation}},
year = {2011}
}

@inproceedings{Hegde2015,
annote = {[6]},
author = {Hegde, Shambhu and Mekali, Harish and Varaprasad, Golla},
booktitle = {2014 IEEE International Conference on Vehicular Electronics and Safety, ICVES 2014},
title = {{Pothole detection and inter vehicular communication}},
year = {2015}
}

@inproceedings{Jang,
annote = {[11]},
author = {Jang, Jinwoo and Smyth, Andrew W and Yang, Yong and Cavalcanti, Dave},
booktitle = {2015 IEEE Conference on Computer Communications Workshops (INFOCOM WKSHPS)},
title = {{Road surface condition monitoring via multiple sensor-equipped vehicles}},
year = {2015}
}

@inproceedings{Kattan2014,
annote = {[12]},
author = {Kattan, Ali and Aboalmaaly, Mohammed Faiz},
booktitle = {Proceedings of the 11th International Conference on Electronics, Computer and Computation, ICECCO 2014},
title = {{A smartphone-cloud application as an aid for street safety inventory}},
year = {2014}
}

@article{Madli2015,
annote = {[7]},
author = {Madli, Rajeshwari and Hebbar, Santosh and Pattar, Praveenraj and Golla, Varaprasad},
journal = {IEEE Sensors Journal},
title = {{Automatic Detection and Notification of Potholes and Humps on Roads to Aid Drivers}},
year = {2015}
}

@inproceedings{Mednis2011,
annote = {[8]},
author = {Mednis, Artis and Strazdins, Girts and Zviedris, Reinholds and Kanonirs, Georgijs and Selavo, Leo},
booktitle = {2011 International Conference on Distributed Computing in Sensor Systems and Workshops, DCOSS'11},
title = {{Real time pothole detection using Android smartphones with accelerometers}},
year = {2011}
}

@inproceedings{Moazzam2013,
annote = {[3]},
author = {Moazzam, I. and Kamal, K. and Mathavan, S. and Usman, S. and Rahman, M.},
booktitle = {IEEE Conference on Intelligent Transportation Systems, Proceedings, ITSC},
title = {{Metrology and visualization of potholes using the microsoft kinect sensor}},
year = {2013}
}

@inproceedings{Yu2011,
annote = {[4]},
author = {Yu, X. and Salari, E.},
booktitle = {IEEE International Conference on Electro Information Technology},
title = {{Pavement pothole detection and severity measurement using laser imaging}},
year = {2011}
}

@article{Zhang,
annote = {[1]},
author = {Zhang, Zhen and Ai, Xiao and Chan, C K and Dahnoun, Naim},
journal = {IEEE International Conference on Acoustic, Speech and Signal Processing (ICASSP)},
title = {{An efficient algorithm for pothole detection using stereo vision}},
year = {2014}
}